@ARTICLE{Haber91howto,
    author = {Stuart Haber and W. Scott Stornetta},
    title = {How to Time-stamp a Digital Document},
    journal = {Journal of Cryptology},
    year = {1991},
    volume = {3},
    pages = {99--111}
}

@misc{OTSWeb,
	title = {OpenTimestamps website},
	howpublished = {\url{https://opentimestamps.org/}}
}

@misc{OpenTimestampsGithub,
	title = {OpenTimestamps source code},
	publisher = {GitHub},
	journal = {GitHub repository},
	howpublished = {\url{https://github.com/opentimestamps}}
}

@misc{SHA1,
	title = {SHA1 Is Broken, But It's Still Good Enough for OpenTimestamps},
	author = {Peter Todd},
	howpublished = {\url{https://petertodd.org/2017/sha1-and-opentimestamps-proofs}},
	year = {2017}
}

@misc{OTSannouncment,
	title = {OpenTimestamps: Scalable, Trust-Minimized, Distributed Timestamping with Bitcoin},
	author = {Peter Todd},
	howpublished = {\url{https://petertodd.org/2016/opentimestamps-announcement}},
	year = {2016}
}

@INPROCEEDINGS{Bayer93improvingthe,
	author = {Dave Bayer and Stuart Haber and W. Scott Stornetta},
	title = {Improving the Efficiency and Reliability of Digital Time-Stamping},
	booktitle = {Sequences II: Methods in Communication, Security and Computer Science},
	year = {1993},
	pages = {329--334},
	publisher = {Springer-Verlag}
}

@MISC{Nakamoto_bitcoin:a,
	author = {Satoshi Nakamoto},
	title = {Bitcoin: A peer-to-peer electronic cash system,‚Äù http://bitcoin.org/bitcoin.pdf},
	year = {2008}
}

@TECHREPORT{Back02hashcash-,
	author = {Adam Back},
	title = {Hashcash - A Denial of Service Counter-Measure},
	institution = {},
	year = {2002}
}

@misc{TimeInaccuracy,
	author={Peter Todd},
	howpublished={\url{https://lists.linuxfoundation.org/pipermail/bitcoin-dev/2016-September/013120.html}},
	title={Interpreting nTime for the purpose of Bitcoin-attested timestamps},
	year={2016}
}

@misc{BitcoinDev,
	title = {Bitcoin developer guide},
	howpublished = {\url{https://bitcoin.org/en/developer-reference}},
}

@book{Wattenhofer:2016:SB:3002702,
	author = {Wattenhofer, Roger},
	title = {The Science of the Blockchain},
	year = {2016},
	isbn = {1522751831, 9781522751830},
	edition = {1st},
	publisher = {CreateSpace Independent Publishing Platform},
	address = {USA},
	page = {34-42}
}

@book{Narayanan:2016:BCT:2994437,
 author = {Narayanan, Arvind and Bonneau, Joseph and Felten, Edward and Miller, Andrew and Goldfeder, Steven},
 title = {Bitcoin and Cryptocurrency Technologies: A Comprehensive Introduction},
 year = {2016},
 isbn = {0691171696, 9780691171692},
 publisher = {Princeton University Press},
 address = {Princeton, NJ, USA},
}

@book{Paar:2009:UCT:1721909,
 author = {Paar, Christof and Pelzl, Jan},
 title = {Understanding Cryptography: A Textbook for Students and Practitioners},
 year = {2009},
 isbn = {3642041000, 9783642041006},
 edition = {1st},
 publisher = {Springer Publishing Company, Incorporated},
}